<?xml version="1.0" encoding="UTF-8"?><collection xmlns="http://www.loc.gov/MARC21/slim"><record><leader>00503nam--2200181-i-4500</leader><controlfield tag="001">000033312</controlfield><controlfield tag="002">20161230</controlfield><controlfield tag="005">20161230201039</controlfield><controlfield tag="008">060222s1000------------r-----000-0-eng-d</controlfield><datafield ind1=" " ind2=" " tag="040"><subfield code="a">IFIN-HH</subfield></datafield><datafield ind1="1" ind2=" " tag="100"><subfield code="a">Monk, George S</subfield></datafield><datafield ind1="1" ind2="0" tag="245"><subfield code="a">Optical instrumentation</subfield><subfield code="c">George S. Monk, W.H. McCorkle (Eds.)</subfield></datafield><datafield ind1=" " ind2=" " tag="260"><subfield code="a">MCGRAW-HILL BOOK COMPANY, INC</subfield><subfield code="c">1954</subfield></datafield><datafield ind1=" " ind2=" " tag="300"><subfield code="a">XXV + 262P</subfield></datafield><datafield ind1=" " ind2=" " tag="490"><subfield code="a">National Nuclear Energy Series</subfield></datafield><datafield ind1=" " ind2=" " tag="700"><subfield code="a">Mccorkle, W.H</subfield></datafield><datafield ind1=" " ind2=" " tag="852"><subfield code="a">10721</subfield><subfield code="c">535</subfield></datafield><datafield ind1=" " ind2=" " tag="CAT"><subfield code="a">Sys</subfield><subfield code="c">20101018</subfield><subfield code="h">134050</subfield></datafield></record></collection>